@inproceedings{PPC,
  editor    = {Fišer, Darja and Eskevich, Maria and de Jong, Franciska},
  author    = {Ogrodniczuk, Maciej},
  publisher = {European Language Resources Association (ELRA)},
  isbn      = {979-10-95546-02-3},
  title     = {Polish {P}arliamentary {C}orpus},
  url       = {http://lrec-conf.org/workshops/lrec2018/W2/summaries/11_W2.html},
  booktitle = {Proceedings of the {LREC} 2018 Workshop \emph{{P}arla{CLARIN}: {C}reating and {U}sing {P}arliamentary {C}orpora}},
  year      = {2018},
  location  = {Miyazaki, Japan},
  address   = {Paris, France},
  pdf       = {http://lrec-conf.org/workshops/lrec2018/W2/pdf/11_W2.pdf},
  pages     = {15--19}
}
@inproceedings{PSC,
  author   = {Ogrodniczuk, Maciej},
  pdf      = {http://www.lrec-conf.org/proceedings/lrec2012/pdf/653_Paper.pdf},
  title    = {The {P}olish {S}ejm {C}orpus},
  pages    = {2219--2223},
  crossref = {lrec:12}
}
@proceedings{lrec:12,
  title        = {Proceedings of the Eighth International {C}onference on {L}anguage {R}esources and {E}valuation, {LREC}~2012},
  booktitle    = {Proceedings of the Eighth International {C}onference on {L}anguage {R}esources and {E}valuation, {LREC}~2012},
  year         = {2012},
  key          = {LREC},
  address      = {Istanbul, Turkey},
  organization = {European Language Resources Association (ELRA)}
}
@misc{word2vec,
  title         = {Efficient Estimation of Word Representations in Vector Space},
  author        = {Tomas Mikolov and Kai Chen and Greg Corrado and Jeffrey Dean},
  year          = {2013},
  eprint        = {1301.3781},
  archiveprefix = {arXiv},
  primaryclass  = {cs.CL}
}
@inproceedings{BoW_PL,
  author    = {Walkowiak, Tomasz
							and Datko, Szymon
							and Maciejewski, Henryk},
  editor    = {Zamojski, Wojciech
							and Mazurkiewicz, Jacek
							and Sugier, Jaros{\l}aw
							and Walkowiak, Tomasz
							and Kacprzyk, Janusz},
  title     = {Bag-of-Words, Bag-of-Topics and Word-to-Vec Based Subject Classification of Text Documents in Polish - A Comparative Study},
  booktitle = {Contemporary Complex Systems and Their Dependability},
  year      = {2019},
  publisher = {Springer International Publishing},
  address   = {Cham},
  pages     = {526--535},
  isbn      = {978-3-319-91446-6}
}
@article{BERT,
  author        = {Jacob Devlin and
									Ming{-}Wei Chang and
									Kenton Lee and
									Kristina Toutanova},
  title         = {{BERT:} Pre-training of Deep Bidirectional Transformers for Language Understanding},
  journal       = {CoRR},
  volume        = {abs/1810.04805},
  year          = {2018},
  url           = {http://arxiv.org/abs/1810.04805},
  archiveprefix = {arXiv},
  eprint        = {1810.04805},
  timestamp     = {Tue, 30 Oct 2018 20:39:56 +0100},
  biburl        = {https://dblp.org/rec/journals/corr/abs-1810-04805.bib},
  bibsource     = {dblp computer science bibliography, https://dblp.org}
}
@inproceedings{Transformers,
  author    = {Vaswani, Ashish and Shazeer, Noam and Parmar, Niki and Uszkoreit, Jakob and Jones, Llion and Gomez, Aidan N and Kaiser, \L ukasz and Polosukhin, Illia},
  booktitle = {Advances in Neural Information Processing Systems},
  editor    = {I. Guyon and U. V. Luxburg and S. Bengio and H. Wallach and R. Fergus and S. Vishwanathan and R. Garnett},
  pages     = {},
  publisher = {Curran Associates, Inc.},
  title     = {Attention is All you Need},
  url       = {https://proceedings.neurips.cc/paper/2017/file/3f5ee243547dee91fbd053c1c4a845aa-Paper.pdf},
  volume    = {30},
  year      = {2017}
}
@inproceedings{sbert,
  title     = {Sentence-BERT: Sentence Embeddings using Siamese BERT-Networks},
  author    = {Reimers, Nils and Gurevych, Iryna},
  booktitle = {Proceedings of the 2019 Conference on Empirical Methods in Natural Language Processing},
  month     = {11},
  year      = {2019},
  publisher = {Association for Computational Linguistics},
  url       = {https://arxiv.org/abs/1908.10084}
}
@inproceedings{sbert_multilingual,
  title     = {Making Monolingual Sentence Embeddings Multilingual using Knowledge Distillation},
  author    = {Reimers, Nils and Gurevych, Iryna},
  booktitle = {Proceedings of the 2020 Conference on Empirical Methods in Natural Language Processing},
  month     = {11},
  year      = {2020},
  publisher = {Association for Computational Linguistics},
  url       = {https://arxiv.org/abs/2004.09813}
}
@misc{xml_r,
  title         = {Unsupervised Cross-lingual Representation Learning at Scale},
  author        = {Alexis Conneau and Kartikay Khandelwal and Naman Goyal and Vishrav Chaudhary and Guillaume Wenzek and Francisco Guzmán and Edouard Grave and Myle Ott and Luke Zettlemoyer and Veselin Stoyanov},
  year          = {2020},
  eprint        = {1911.02116},
  archiveprefix = {arXiv},
  primaryclass  = {cs.CL}
}
@article{sentence_eval,
  author        = {Slawomir Dadas and
									Michal Perelkiewicz and
									Rafal Poswiata},
  title         = {Evaluation of Sentence Representations in Polish},
  journal       = {CoRR},
  volume        = {abs/1910.11834},
  year          = {2019},
  url           = {http://arxiv.org/abs/1910.11834},
  archiveprefix = {arXiv},
  eprint        = {1910.11834},
  timestamp     = {Thu, 31 Oct 2019 14:02:26 +0100},
  biburl        = {https://dblp.org/rec/journals/corr/abs-1910-11834.bib},
  bibsource     = {dblp computer science bibliography, https://dblp.org}
}
@article{LexRank,
  title     = {LexRank: Graph-based Lexical Centrality as Salience in Text Summarization},
  volume    = {22},
  issn      = {1076-9757},
  url       = {http://dx.doi.org/10.1613/jair.1523},
  doi       = {10.1613/jair.1523},
  journal   = {Journal of Artificial Intelligence Research},
  publisher = {AI Access Foundation},
  author    = {Erkan, G. and Radev, D. R.},
  year      = {2004},
  month     = {Dec},
  pages     = {457–479}
}
@misc{use_multilingual,
  title         = {Multilingual Universal Sentence Encoder for Semantic Retrieval},
  author        = {Yinfei Yang and Daniel Cer and Amin Ahmad and Mandy Guo and Jax Law and Noah Constant and Gustavo Hernandez Abrego and Steve Yuan and Chris Tar and Yun-Hsuan Sung and Brian Strope and Ray Kurzweil},
  year          = {2019},
  eprint        = {1907.04307},
  archiveprefix = {arXiv},
  primaryclass  = {cs.CL}
}
@inproceedings{spacy_pl,
  author    = {Ryszard Tuora and Łukasz Kobyliński},
  title     = {Integrating Polish Language Tools and Resources in spaCy},
  booktitle = {Proceedings of PP-RAI'2019 Conference},
  year      = {2019},
  month     = {10},
  address   = {Wrocław, Poland}
}
@inproceedings{morfeusz,
  author   = {Woliński, Marcin},
  pdf      = {http://nlp.ipipan.waw.pl/Bib/wol:14.pdf},
  title    = {Morfeusz Reloaded},
  pages    = {1106--1111},
  crossref = {lrec:14}
}
@proceedings{lrec:14,
  editor       = {Calzolari, Nicoletta and Choukri, Khalid and Declerck, Thierry and Loftsson, Hrafn and Maegaard, Bente and Mariani, Joseph and Moreno, Asuncion and Odijk, Jan and Piperidis, Stelios},
  isbn         = {978-2-9517408-8-4},
  title        = {Proceedings of the Ninth International {C}onference on {L}anguage {R}esources and {E}valuation, {LREC}~2014},
  url          = {http://www.lrec-conf.org/proceedings/lrec2014/index.html},
  booktitle    = {Proceedings of the Ninth International {C}onference on {L}anguage {R}esources and {E}valuation, {LREC}~2014},
  address      = {Reykjavík, Iceland},
  key          = {LREC},
  year         = {2014},
  organization = {European Language Resources Association (ELRA)}
}
@article{LDA,
  author     = {Blei, David M. and Ng, Andrew Y. and Jordan, Michael I.},
  title      = {Latent Dirichlet Allocation},
  year       = {2003},
  issue_date = {3/1/2003},
  publisher  = {JMLR.org},
  volume     = {3},
  number     = {null},
  issn       = {1532-4435},
  journal    = {J. Mach. Learn. Res.},
  month      = mar,
  pages      = {993–1022},
  numpages   = {30}
}
@misc{BERTopic,
  author    = {Maarten Grootendorst},
  title     = {BERTopic: Leveraging BERT and c-TF-IDF to create easily interpretable topics.},
  year      = 2020,
  publisher = {Zenodo},
  version   = {v0.7.0},
  doi       = {10.5281/zenodo.4381785},
  url       = {https://doi.org/10.5281/zenodo.4381785}
}
@article{UMAP,
  title   = {UMAP: Uniform Manifold Approximation and Projection},
  author  = {McInnes, Leland and Healy, John and Saul, Nathaniel and Grossberger, Lukas},
  journal = {The Journal of Open Source Software},
  volume  = {3},
  number  = {29},
  pages   = {861},
  year    = {2018}
}
@article{HDBSCAN,
  author     = {Campello, Ricardo J. G. B. and Moulavi, Davoud and Zimek, Arthur and Sander, J\"{o}rg},
  title      = {Hierarchical Density Estimates for Data Clustering, Visualization, and Outlier Detection},
  year       = {2015},
  issue_date = {July 2015},
  publisher  = {Association for Computing Machinery},
  address    = {New York, NY, USA},
  volume     = {10},
  number     = {1},
  issn       = {1556-4681},
  url        = {https://doi.org/10.1145/2733381},
  doi        = {10.1145/2733381},
  journal    = {ACM Trans. Knowl. Discov. Data},
  month      = jul,
  articleno  = {5},
  numpages   = {51}
}
@inproceedings{Eval_Topics,
  author    = {R\"{o}der, Michael and Both, Andreas and Hinneburg, Alexander},
  title     = {Exploring the Space of Topic Coherence Measures},
  year      = {2015},
  isbn      = {9781450333177},
  publisher = {Association for Computing Machinery},
  address   = {New York, NY, USA},
  url       = {https://doi.org/10.1145/2684822.2685324},
  doi       = {10.1145/2684822.2685324},
  booktitle = {Proceedings of the Eighth ACM International Conference on Web Search and Data Mining},
  pages     = {399–408},
  numpages  = {10},
  keywords  = {topic evaluation, topic model, topic coherence},
  location  = {Shanghai, China},
  series    = {WSDM '15}
}
@inproceedings{C_NPMI,
  title     = {Evaluating Topic Coherence Using Distributional Semantics},
  author    = {Aletras, Nikolaos and Stevenson, Mark},
  booktitle = {Proceedings of the 10th International Conference on Computational Semantics ({IWCS} 2013) {--} Long Papers},
  month     = mar,
  year      = {2013},
  address   = {Potsdam, Germany},
  publisher = {Association for Computational Linguistics},
  url       = {https://www.aclweb.org/anthology/W13-0102},
  pages     = {13--22}
}
@inproceedings{U_MASS,
  author    = {Mimno, David and Wallach, Hanna M. and Talley, Edmund and Leenders, Miriam and McCallum, Andrew},
  title     = {Optimizing Semantic Coherence in Topic Models},
  year      = {2011},
  isbn      = {9781937284114},
  publisher = {Association for Computational Linguistics},
  address   = {USA},
  booktitle = {Proceedings of the Conference on Empirical Methods in Natural Language Processing},
  pages     = {262–272},
  numpages  = {11},
  location  = {Edinburgh, United Kingdom},
  series    = {EMNLP '11}
}
@inproceedings{Word_intrusion,
  author    = {Chang, Jonathan and Boyd-Graber, Jordan and Gerrish, Sean and Wang, Chong and Blei, David M.},
  title     = {Reading Tea Leaves: How Humans Interpret Topic Models},
  year      = {2009},
  isbn      = {9781615679119},
  publisher = {Curran Associates Inc.},
  address   = {Red Hook, NY, USA},
  booktitle = {Proceedings of the 22nd International Conference on Neural Information Processing Systems},
  pages     = {288–296},
  numpages  = {9},
  location  = {Vancouver, British Columbia, Canada},
  series    = {NIPS'09}
}